@article{Sperner,
year={1928},
issn={0025-5874},
journal={Mathematische Zeitschrift},
volume={27},
number={1},
doi={10.1007/BF01171114},
title={Ein Satz Ã¼ber Untermengen einer endlichen Menge},
url={http://dx.doi.org/10.1007/BF01171114},
publisher={Springer-Verlag},
author={Sperner, Emanuel},
pages={544-548},
language={German}
}
@article{Sudakov,
  title={Sperner's Theorem and a Problem of Erdos-Katona-Kleitman},
  author={Das, Shagnik and Gan, Wenying and Sudakov, Benny},
  journal={arXiv preprint arXiv:1302.5210},
  year={2013}
}
@inproceedings{Kleitman,
  title={A conjecture of Erd{\H{o}}s-Katona on commensurable pairs among subsets of an n-set},
  author={Kleitman, D},
  booktitle={Theory of Graphs, Proc. Colloq. held at Tihany, Hungary},
  pages={187--207},
  year={1966}
}
